%%
%% Author: rydze
%% 10.05.2018
%%

