%%
%% Author: rydze
%% 08.05.2018
%%

